@article{zbMATH07662555,
  author   = {Bakker, Benjamin and Brunebarbe, Yohan and Tsimerman, Jacob},
  title    = {o-minimal {GAGA} and a conjecture of {Griffiths}},
  fjournal = {Inventiones Mathematicae},
  journal  = {Invent. Math.},
  issn     = {0020-9910},
  volume   = {232},
  number   = {1},
  pages    = {163--228},
  year     = {2023},
  language = {English},
  doi      = {10.1007/s00222-022-01166-1},
  keywords = {14D07,03C64,14P15,32C15},
  zbmath   = {7662555},
  zbl      = {1516.14024}
}

@misc{arXiv:2508.19215,
  author       = {Bakker, Benjamin and Filipazzi, Stefano and Mauri, Mirko and Tsimerman, Jacob},
  title        = {Baily--Borel compactifications of period images and the b-semiampleness conjecture},
  year         = {2025},
  howpublished = {Preprint, {arXiv}:2508.19215 [math.{AG}] (2025)},
  keywords     = {14D07,14E30,14C30,14J10,03C64},
  url          = {https://arxiv.org/abs/2508.19215},
  arxiv        = {arXiv:2508.19215}
}

@misc{arXiv:2507.00973,
  author       = {Engel, Philip Milton and Filipazzi, Stefano and Greer, Fran{\c{c}}ois and Mauri, Mirko and Svaldi, Roberto},
  title        = {Boundedness of some fibered {K}-trivial varieties},
  year         = {2025},
  howpublished = {Preprint, {arXiv}:2507.00973 [math.{AG}] (2025)},
  keywords     = {14J27,14J32,14J42,14D06,14E30,14D07,14K05},
  url          = {https://arxiv.org/abs/2507.00973},
  arxiv        = {arXiv:2507.00973}
}

@book{zbMATH01160037,
  author    = {van den Dries, Lou},
  title     = {Tame topology and o-minimal structures},
  fseries   = {London Mathematical Society Lecture Note Series},
  series    = {Lond. Math. Soc. Lect. Note Ser.},
  issn      = {0076-0552},
  volume    = {248},
  isbn      = {0-521-59838-9},
  year      = {1998},
  publisher = {Cambridge: Cambridge University Press},
  language  = {English},
  keywords  = {03C64,14P10,03-02,12L12},
  zbmath    = {1160037},
  zbl       = {0953.03045}
}

@book{zbMATH01821671,
  author    = {Marker, David},
  title     = {Model theory: {An} introduction},
  fseries   = {Graduate Texts in Mathematics},
  series    = {Grad. Texts Math.},
  issn      = {0072-5285},
  volume    = {217},
  isbn      = {0-387-98760-6},
  year      = {2002},
  publisher = {New York, NY: Springer},
  language  = {English},
  doi       = {10.1007/b98860},
  keywords  = {03Cxx,03-01,03-02},
  zbmath    = {1821671},
  zbl       = {1003.03034}
}

@misc{arXiv:math/0012051,
  author       = {Edmundo, Mario J.},
  title        = {An introduction to o-minimal structures},
  year         = {2000},
  howpublished = {Preprint, {arXiv}:math/0012051 [math.{LO}] (2000)},
  url          = {https://arxiv.org/abs/math/0012051},
  arxiv        = {arXiv:math/0012051}
}

@incollection{zbMATH01724379,
  author    = {Speissegger, Patrick},
  title     = {Lectures on o-minimality},
  booktitle = {Lectures on algebraic model theory},
  isbn      = {0-8218-2705-7},
  pages     = {47--65},
  year      = {2002},
  publisher = {Providence, RI: American Mathematical Society (AMS)},
  language  = {English},
  keywords  = {03C64,03-02,12L12,03C60},
  zbmath    = {1724379},
  zbl       = {0991.03040}
}